<?xml version="1.0" encoding="UTF-8"?><collection xmlns="http://www.loc.gov/MARC21/slim"><record><leader>00398nam--2200121-i-4500</leader><controlfield tag="001">000047709</controlfield><controlfield tag="002">20161230</controlfield><controlfield tag="005">20161230201046</controlfield><controlfield tag="008">060222s1000------------r-----000-0-eng-d</controlfield><datafield ind1=" " ind2=" " tag="100"><subfield code="a">Wittmers,Hugo</subfield></datafield><datafield ind1=" " ind2=" " tag="245"><subfield code="a">Lehbruch der regelungstechnik. bd.1:resgelkreis und steuerkette. allgemeinverstandliche ainfuhrung in die elemente der automatik</subfield></datafield><datafield ind1=" " ind2=" " tag="260"><subfield code="a">Leipzig, Fachbuchverlag, 1959. 143 P</subfield></datafield><datafield ind1=" " ind2=" " tag="852"><subfield code="a">7376</subfield></datafield></record></collection>